@inproceedings{Afshan2013,
  author    = "Afshan, Sheeva and McMinn, Phil and Stevenson, Mark",
  title     = "Evolving Readable String Test Inputs Using a Natural Language Model to Reduce Human Oracle Cost",
  booktitle = "International Conference on Software Testing, Verification and Validation (ICST 2013)",
  pages     = "352--361",
  year      = "2013",
  publisher = "IEEE"
}

@inproceedings{Arcuri2013,
  author    = "Arcuri, Andrea",
  title     = "It really does matter how you normalize the branch distance in search-based software testing",
  journal   = "Software Testing, Verification and Reliability",
  volume    = "23",
  issue     = "2",
  pages     = "119-147",
  year      = "2013"
}

@inproceedings{Arcuri2009,
  author    = "Arcuri, Andrea",
  title     = "Full theoretical runtime analysis of alternating variable method on the triangle classification problem",
  booktitle = "Proceedings of the 1st International Symposium on Search-Based Software Engineering",
  year      = "2009"
}

@inproceedings{Baars2011,
  author    = "Baars, Arthur and Harman, Mark and Hassoun, Youssef and Lakhotia, Kiran and McMinn, Phil and Tonella,Paolo and Vos, Tanja",
  title     = "Symbolic Search-Based Testing",
  booktitle = "International Conference on Automated Software Engineering (ASE 2011)",
  pages     = "53--62",
  year      = "2011",
  publisher = "IEEE"
}

@inproceedings{Fraser2013,
  author    = "Fraser, Gordon and Staats, Matt and McMinn, Phil and Arcuri, Andrea and Padberg, Frank",
  title     = "Does Automated White-Box Test Generation Really Help Software Testers?",
  booktitle = "International Symposium on Software Testing and Analysis (ISSTA 2013)",
  pages     = "291--301",
  year      = "2013",
  publisher = "ACM"
}

@article{Fraser2015,
  author  = "Fraser, Gordon and Staats, Matt and McMinn, Phil and Arcuri, Andrea and Padberg, Frank",
  title   = "Does Automated Unit Test Generation Really Help Software Testers? A Controlled Empirical Study",
  journal = "ACM Transactions on Software Engineering and Methodology",
  volume  = "24",
  number  = "4",
  year    = "2015"
}

@article{Fraser2015b,
  author  = "Fraser, Gordon and Arcuri, Andrea and McMinn, Phil",
  title   = "A Memetic Algorithm for Whole Test Suite Generation",
  journal = "Journal of Systems and Software",
  volume  = "103",
  pages   = "311--327",
  year    = "2015"
}

@article{Harman2010,
  author  = "Harman, Mark and McMinn, Phil",
  title   = "A Theoretical and Empirical Study of Search Based Testing: Local, Global and Hybrid Search",
  journal = "IEEE Transactions on Software Engineering",
  volume  = "36",
  number  = "2",
  pages   = "226--247",
  year    = "2010"
}

@inproceedings{Kapfhammer2016,
  author    = "Kapfhammer, Gregory M. and Wright, Chris J. and McMinn, Phil",
  title     = "Hitchhikers Need Free Vehicles! Shared Repositories for Statistical Analysis in SBST",
  booktitle = "International Workshop on Search-Based Software Testing (SBST 2016)",
  year      = "2016",
  publisher = "ACM"
}

@article{Kempka2015,
  author    = "Kempka, Joseph and McMinn, Phil and Sudholt, Dirk",
  title     = "Design and analysis of different alternating variable searches for search-based software testing",
  journal   = "Theoretical Computer Science",
  volume    = "605",
  pages     = "1--20",
  year      = "2015"
}

@article{Korel1990,
  author    = "Korel, Bogdan",
  title     = "Automated Software Test Data Generation",
  journal   = "IEEE Transactions on Software Engineering",
  volume    = "16",
  number    = "8",
  year      = "1990"
}

@article{Korel1992,
  author    = "Korel, Bogdan",
  title     = "Dynamic method for software test data generation",
  journal   = "Software Testing, Verification, and Reliability",
  volume    = "2",
  pages     = "203--213",
  year      = "1992"
}

@article{Korel1995,
  author    = "Ferguson, Roger and Korel, Bogdan",
  title     = "The chaining approach for software test data generation",
  booktitle = "ACM Transactions on Software Engineering and Methodology",
  volume    = "5",
  issue     = "1",
  pages     = "63--86",
  year      = "1996"
}

@inproceedings{Lakhotia2010,
  author    = "Lakhotia, Kiran and Tillmann, Nikolai and Harman, Mark and Halleux, Jonathan"
  title     = "{FloPSy} --- Search-Based Floating Point Constraint Solving for Symbolic Execution",
  booktitle = "Proceedings of the International Conference on Testing Software and Systems (ICTSS 2010)",
  pages     = "142--157"
}

@inproceedings{Lakhotia2010,
  author    = "Lakhotia, Kiran and Harman, Mark and Gross, Hamilton",
  title     = "{AUSTIN}: A Tool for Search Based Software Testing for the C Language and Its Evaluation on Deployed Automotive Systems",
  booktitle = "Proceedings of the International Symposium on Search Based Software Engineering (SSBSE 2010)",
  pages     = "101--110",
  year      = "2010"
}

@phdthesis{McMinn2005,
  author      = "McMinn, Phil",
  title       = "Evolutionary Search for Test Data in the Presence of State Behaviour",
  year        = "2005",
  institution = "The University of Sheffield"
}

@article{McMinn2015,
  author  = "McMinn, Phil and Wright, Chris J. and Kapfhammer, Gregory M.",
  title   = "The Effectiveness of Test Coverage Criteria for Relational Database Schema Integrity Constraints",
  journal = "ACM Transactions on Software Engineering and Methodology",
  volume  = "25",
  number  = "1",
  pages   = "8:1--8:49",
  year    = "2015"
}

@inproceedings{Rhys2009,
  author    = "Rhys, Sion Ll and Poulding, Simon and Clark, John A.",
  title     = "Using Automated Search to Generate Test Data for Matlab",
  booktitle = "Proceedings of the Genetic and Evolutionary Computation Conference (GECCO 2009)",
  pages     = "1697--1704"
}